@incollection{Bie2005,
author = {Bie, Tijl De and Cristianini, Nello and Rosipal, Roman},
booktitle = {Handbook of Geometric Computing},
file = {:Users/uri/Documents/Mendeley Desktop/eig\_book04.pdf:pdf},
pages = {129--167},
publisher = {Springer Berlin Heidelberg},
title = {{Eigenproblems in Pattern Recognition}},
volume = {10},
year = {2005}
}
@inproceedings{McFee2014,
address = {Florence, Italy},
author = {McFee, Brian and Ellis, Daniel P W},
booktitle = {Proc. of the 39th IEEE International Conference on Acoustics Speech and Signal Processing},
file = {:Users/uri/Documents/Mendeley Desktop/McFee, Ellis - Unknown - LEARNING TO SEGMENT SONGS WITH ORDINAL LINEAR DISCRIMINANT ANALYSIS.pdf:pdf},
title = {{Learning to Segment Songs with Ordinal Linear Discriminant Analysis}},
year = {2014}
}
